@book{info05mackay,
  author = {David J.C. MacKay},
  publisher = {Cambridge University Press},
  title = {Information Theory, Inference and Learning Algorithms},
  edition={4},
  year = 2005
}

