%% ----------------------------------------------------------------
%% ECS.bib
%% ---------------------------------------------------------------- 

@article{watson,
          editor = {Lee Spector},
           title = {Coevolutionary Dynamics in a Minimal Substrate},
          author = {Richard A. Watson and Jordan B. Pollack},
       publisher = {Morgan Kaufmann},
            year = {2001},
           pages = {702--709},
         journal = {Proceedings of the Genetic and Evolutionary Computation Conference (GECCO 2001)},
             url = {http://eprints.soton.ac.uk/262011/},
}

